<?xml version="1.0" encoding="UTF-8"?><collection><record><leader>06302ntm a2200577 a 4500</leader><controlfield tag="001">006795064</controlfield><controlfield tag="003">MiAaHDL</controlfield><controlfield tag="005">20190719000000.0</controlfield><controlfield tag="006">m        d        </controlfield><controlfield tag="007">cr bn ---auaua</controlfield><controlfield tag="008">090520s1852    xx            00| ||ara d</controlfield><datafield tag="035" ind1=" " ind2=" "><subfield code="a">(MiU)006795064</subfield></datafield><datafield tag="035" ind1=" " ind2=" "><subfield code="a">sdr-miu006795064</subfield></datafield><datafield tag="040" ind1=" " ind2=" "><subfield code="a">MiU</subfield><subfield code="c">MiU</subfield><subfield code="e">amremm</subfield></datafield><datafield tag="043" ind1=" " ind2=" "><subfield code="a">n-us-mi</subfield></datafield><datafield tag="100" ind1="1" ind2=" "><subfield code="6">880-01</subfield><subfield code="a">Nābulusī, ʻAbd al-Ghanī ibn Ismāʻīl,</subfield><subfield code="d">1641-1731.</subfield></datafield><datafield tag="240" ind1="1" ind2="0"><subfield code="6">880-02</subfield><subfield code="a">Miftāḥ al-maʻīyah</subfield></datafield><datafield tag="245" ind1="1" ind2="0"><subfield code="6">880-03</subfield><subfield code="a">Kitāb Miftāḥ al-maʻīyah :</subfield><subfield code="b">sharḥ risālat ṭarīqat al-sādah al-Naqshbandīyah,</subfield><subfield code="f">[1268, i.e. 1852].</subfield></datafield><datafield tag="246" ind1="3" ind2=" "><subfield code="i">Title from opening matter (p.7):</subfield><subfield code="a">مفتاح المعية في طريقة النقشبندية</subfield></datafield><datafield tag="246" ind1="3" ind2=" "><subfield code="i">Title from label on upper cover:</subfield><subfield code="a">مفتاح المعية في الطريقة النقشبندية</subfield></datafield><datafield tag="260" ind1=" " ind2=" "><subfield code="c">[1852].</subfield></datafield><datafield tag="300" ind1=" " ind2=" "><subfield code="a">88 leaves :</subfield><subfield code="b">paper ;</subfield><subfield code="c">210 x 147 (165 x 83) mm.</subfield></datafield><datafield tag="500" ind1=" " ind2=" "><subfield code="a">Shelfmark: Ann Arbor, University of Michigan, Special Collections Library, Isl. Ms. 538</subfield></datafield><datafield tag="500" ind1=" " ind2=" "><subfield code="a">Origin: As appears in scribal colophon on p.177, transcription completed 11 Shawwāl 1268 [ca. 29 July 1852]. As appears in preceding authorial colophon (also on p.177), composition completed 27 Ramaḍān 1089 [ca. 12 November 1678].</subfield></datafield><datafield tag="500" ind1=" " ind2=" "><subfield code="a">Accompanying materials: a. Acquisitions slip from Yahuda (paginated pp.1-2) -- b. Between pp.74-75, what appears to be a cigarette paper printed with "MANUFACTURE DE TABACS ET CIGARETTES" and "ورق صحي" in blue and black.</subfield></datafield><datafield tag="500" ind1=" " ind2=" "><subfield code="a">Former shelfmark: From interior of upper cover and label on lower cover "IL 351" (likely supplied by Yahuda, see acquisitions slip).</subfield></datafield><datafield tag="500" ind1=" " ind2=" "><subfield code="a">Binding: Pasteboards covered in a coated and textured (with floral pattern) sky blue decorative paper with dark brown (to black) leather over spine (now mostly gone exposing dark green textile of spine lining) ; Type III binding (without flap) ; board linings in yellow wove paper ; sewn in red thread, two stations ; overall in somewhat poor condition with significant abrasion, lifting and losses of paper and leather, delamination of boards, etc.</subfield></datafield><datafield tag="500" ind1=" " ind2=" "><subfield code="a">Support: European wove paper.</subfield></datafield><datafield tag="500" ind1=" " ind2=" "><subfield code="a">Decoration: Keywords, section headings, and abbreviation symbols rubricated ; textual dividers in the form of red discs.</subfield></datafield><datafield tag="500" ind1=" " ind2=" "><subfield code="a">Script: Nastaʻlīq (talik) ; elegant, spacious Turkish hand in a medium to bold line ; serifless with many closed counters, characteristic descent of words to baseline, slight effect of tilt to the right, elongation of horizontal strokes, and letterforms characteristic of nastaʻlīq (talik) ; from about p.133 alternates with another hand, more compact though with elongation and contrasting thickness of horizontal strokes ; some Qurʼānic excerpts in naskh.</subfield></datafield><datafield tag="500" ind1=" " ind2=" "><subfield code="a">Layout: Written mainly in 17 lines per page ; frame-ruled.</subfield></datafield><datafield tag="500" ind1=" " ind2=" "><subfield code="a">Collation: i, 8 V(80), IV (88), i ; almost exclusively quinions ; final leaf left blank ; catchwords present ; pagination in pencil, Western numerals, supplied during digitization (includes inserts and flyleaves).</subfield></datafield><datafield tag="500" ind1=" " ind2=" "><subfield code="a">Colophon: "Authorial," reads "وقد فرغنا من تصنيف هذا الشرح المبارك ان شاء الله صبحية نهار الجمعة السابع والعشرين من شهر رمضان المبارك سنه تسع وثمانين بعد الالف على يد مصنفه الحقير الفقير عبد الغني النابلسي ... آمين" ; "Scribal," reads "وكان الفراغ من كتابة هذه النسخة يوم الخميس احدى عشر من الشهر الشوال سنه ثمانيه وستين ومائتين والف تم تم"</subfield></datafield><datafield tag="500" ind1=" " ind2=" "><subfield code="a">Explicit: "الى يوم الدين وهو يوم القيامة وله اسماء كثيرة وهذا اخر ما تشرفنا به من خذمة هذه الرسالة المباركة نفعنا الله بها ... آمين"</subfield></datafield><datafield tag="500" ind1=" " ind2=" "><subfield code="a">Incipit: "الحمد لله الذي شرح بالتجليات الازلية رسالة صفاته بمنية ... اما بعد فيقول اسير الذنوب ... عبد الغني بن اسماعيل النابلسي نسبا الحنفي مذهبا القادري مشربا الدمشقي وطنا النقشبندي سرا وعلنا ... ان اشرح الرسالة المعربة من اللغة الفارسية الى اللغة العربية المنسوبة بالجمع والترتيب الى العارف الكامل ... الشيخ تاج الدين النقشبني ... التي صنفها في بيان اداب الطريقة الطاهرة النقشبندية ... واظهرت في هذا الشرح ما انطوت عليه هذه الرسالة المأنوسة من الاسرار المحفوظة ... وسميتها مفتاح المعية في طريقة النقشبندية ..."</subfield></datafield><datafield tag="500" ind1=" " ind2=" "><subfield code="a">Title from 'title page' (p.5).</subfield></datafield><datafield tag="500" ind1=" " ind2=" "><subfield code="a">Ms. codex.</subfield></datafield><datafield tag="510" ind1="4" ind2=" "><subfield code="a">Brockelmann, C. GAL,</subfield><subfield code="c">II 347 (no.50) ; S II 473 ; II 419 ; S II 618</subfield></datafield><datafield tag="520" ind1="8" ind2=" "><subfield code="a">Elegant copy of the commentary by ʻAbd al-Ghanī al-Nābulusī (d.1731) on the Naqshbandī treatise, Risālah fī sulūk khāṣṣat al-sādah by Tāj al-Dīn Muḥammad ibn Zakarīyā ibn Sulṭān al-ʻAbshamī al-Naqshbandī (d.1640).</subfield></datafield><datafield tag="538" ind1=" " ind2=" "><subfield code="a">Mode of access: Internet.</subfield></datafield><datafield tag="541" ind1=" " ind2=" "><subfield code="a">Acquired in 1926 from the bookseller Isaac Benjamin S.E. Yahuda via purchase transacted on his behalf by Abraham Shalom Yahuda (1877-1951), his younger brother.</subfield></datafield><datafield tag="546" ind1=" " ind2=" "><subfield code="a">Arabic.</subfield></datafield><datafield tag="561" ind1=" " ind2=" "><subfield code="a">Collation statement on front flyleaf (p.3) "عدة كراريسه ۹" ; marginal corrections (some rubricated).</subfield></datafield><datafield tag="600" ind1="1" ind2="0"><subfield code="a">ʻAbshamī, Muḥammad ibn Zakarīyā ibn Sulṭān,</subfield><subfield code="d">d. 1640 or 41.</subfield><subfield code="t">Risālah fī sulūk khāṣṣat al-sādah.</subfield></datafield><datafield tag="650" ind1=" " ind2="0"><subfield code="a">Manuscripts, Arabic</subfield><subfield code="z">Michigan</subfield><subfield code="z">Ann Arbor.</subfield></datafield><datafield tag="650" ind1=" " ind2="0"><subfield code="a">Sufism</subfield><subfield code="v">Early works to 1800.</subfield></datafield><datafield tag="650" ind1=" " ind2="0"><subfield code="a">Naqshabandīyah</subfield><subfield code="v">Early works to 1800.</subfield></datafield><datafield tag="773" ind1="0" ind2=" "><subfield code="a">Yahuda Collection.</subfield></datafield><datafield tag="880" ind1="1" ind2="0"><subfield code="6">245-03/</subfield><subfield code="a">كتاب مفتاح العية :</subfield><subfield code="b">شرح رسالة طريقة السادة النقشبندية،</subfield><subfield code="f">[1268ه، 1852م].</subfield></datafield><datafield tag="880" ind1="1" ind2="0"><subfield code="6">240-02/</subfield><subfield code="a">مفتاح المعية</subfield></datafield><datafield tag="880" ind1="1" ind2=" "><subfield code="6">100-01/</subfield><subfield code="a">نابلسي، عبد الغني بن اسماعيل.</subfield></datafield><datafield tag="CID" ind1=" " ind2=" "><subfield code="a">006795064</subfield></datafield><datafield tag="DAT" ind1="0" ind2=" "><subfield code="a">20190719102635.0</subfield><subfield code="b">20190719000000.0</subfield></datafield><datafield tag="DAT" ind1="1" ind2=" "><subfield code="a">20190719090653.0</subfield><subfield code="b">2019-07-19T16:11:29Z</subfield></datafield><datafield tag="DAT" ind1="2" ind2=" "><subfield code="a">2015-10-10T18:00:06Z</subfield></datafield><datafield tag="CAT" ind1=" " ind2=" "><subfield code="a">SDR-MIU</subfield><subfield code="d">EX LIBRIS - ALEPH</subfield><subfield code="l">prepare.pl-004-008</subfield></datafield><datafield tag="FMT" ind1=" " ind2=" "><subfield code="a">BK</subfield></datafield><datafield tag="HOL" ind1=" " ind2=" "><subfield code="0">sdr-miu006795064</subfield><subfield code="a">MiU</subfield><subfield code="b">SDR</subfield><subfield code="c">MIU</subfield><subfield code="p">mdp.39015079126358</subfield><subfield code="s">MIU</subfield><subfield code="1">006795064</subfield></datafield><datafield tag="974" ind1=" " ind2=" "><subfield code="b">MIU</subfield><subfield code="c">MIU</subfield><subfield code="d">20190719</subfield><subfield code="s">lit-dlps-dc</subfield><subfield code="u">mdp.39015079126358</subfield><subfield code="y">1852</subfield><subfield code="r">pd</subfield><subfield code="q">bib</subfield><subfield code="t">non-US bib date1 &lt; 1896</subfield></datafield></record></collection>